@article{article:freeman,
    title = {Single-cell genome sequencing at ultra-high-throughput with microfluidic droplet barcoding},
    author = {Lan, Freeman and Demaree, Benjamin and Ahmed, Noorsher and Abate, Adam R},    
    doi = {10.1038/nbt.3880},
    url = {10.1038/nbt.3880},
    year = {2017},
    month = {01},

    urldate = {2019-6-11},
    volume = {35},
    journal = {Nat Biotechnol},
    issue = {7},
    pages = {640-646},
}

@article{article:ralf,
    title = {Droplet based microfluidics},
    author = {Seemann, Ralf and Brinkmann, Martin and Pfohl, Thomas and Herminghaus, Stephan},    
    doi = {10.1088/0034-4885/75/1/016601},
    url = {10.1088/0034-4885/75/1/016601},
    year = {2012},
    month = {01},

    urldate = {2019-6-16},
    volume = {75},
    journal = {Rep. Prog. Phys.},
    issue = {1},
    pages = {016601},
}

@article{article:pingan,
    title = {Passive and active droplet generation with microfluidics: a review},
    author = {Zhu, Pingan and Wang, Liqiu},    
    doi = {10.1039/c6lc01018k},
    url = {10.1039/c6lc01018k},

    urldate = {2019-6-16},
    volume = {17},
    journal = {Lab Chip},
    issue = {1},
    pages = {34-75},
}

@article{article:huifa,
    title = {Massively Parallel Single-Molecule and Single-Cell Emulsion Reverse Transcription Polymerase Chain Reaction Using Agarose Droplet Microfluidics},
    author = {Zhang, Huifa and Jenkins, Gareth and Zou, Yuan and Zhu, Zhi and Yang, Chaoyong James},    
    doi = {10.1021/ac2033084},
    url = {10.1021/ac2033084},
    year = {2012},
    month = {01},

    urldate = {2019-6-16},
    volume = {84},
    journal = {Anal. Chem.},
    issue = {8},
    pages = {3599-3606},
}

@article{article:ye-jin,
    title = {Encapsulating Bacteria in Agarose Microparticles Using Microfluidics for High-Throughput Cell Analysis and Isolation},
    author = {Eun, Ye-Jin and Utada, Andrew S. and Copeland, Matthew F. and Takeuchi, Shoji and Weibel, Douglas B.},    
    doi = {10.1021/cb100336p},
    url = {10.1021/cb100336p},
    year = {2011},
    month = {01},

    urldate = {2019-6-16},
    volume = {6},
    journal = {ACS Chem. Biol.},
    issue = {3},
    pages = {260-266},
}

@article{article:sarah,
    title = {Drop-based microfluidic devices for encapsulation of single cells},
    author = {Köster, Sarah and Angilè, Francesco E. and Duan, Honey and Agresti, Jeremy J. and Wintner, Anton and Schmitz, Christian and Rowat, Amy C. and Merten, Christoph A. and Pisignano, Dario and Griffiths, Andrew D.},    
    doi = {10.1039/b802941e},
    url = {10.1039/b802941e},
    year = {2008},
    month = {01},

    urldate = {2019-6-16},
    volume = {8},
    journal = {Lab Chip},
    issue = {7},
    pages = {1110},
}

@article{article:haihu,
    title = {Droplet formation in a T-shaped microfluidic junction},
    author = {Liu, Haihu and Zhang, Yonghao},    
    doi = {10.1063/1.3187831},
    url = {10.1063/1.3187831},
    year = {2009},
    month = {01},

    urldate = {2019-6-16},
    volume = {106},
    journal = {Journal of Applied Physics},
    issue = {3},
    pages = {034906},
}

@book{book:andreas,
    title = {Microsystems for Pharmatechnology},
    author = {Dietzel, Andreas},    
    publisher = {Springer},
    isbn = {9783319269207},
    year = {2016},
    month = {01},

}

@article{article:piotr,
    title = {Formation of droplets and bubbles in a microfluidic T-junction—scaling and mechanism of break-up},
    author = {Garstecki, Piotr and Fuerstman, Michael J. and Stone, Howard A. and Whitesides, George M.},    
    doi = {10.1039/b510841a},
    url = {10.1039/b510841a},
    year = {2006},
    month = {01},

    urldate = {2019-6-16},
    volume = {6},
    journal = {Lab Chip},
    issue = {3},
    pages = {437},
}

@article{article:andrew_s,
    title = {Dripping to Jetting Transitions in Coflowing Liquid Streams},
    author = {Utada, Andrew S. and Fernandez-Nieves, Alberto and Stone, Howard A. and Weitz, David A.},    
    doi = {10.1103/physrevlett.99.094502},
    url = {10.1103/physrevlett.99.094502},

    urldate = {2019-6-16},
    volume = {99},
    journal = {Phys. Rev. Lett.},
    issue = {9},
}

@article{article:richard,
    title = {Single-Cell Multiplex Gene Detection and Sequencing with Microfluidically Generated Agarose Emulsions},
    author = {Novak, Richard and Zeng, Yong and Shuga, Joe and Venugopalan, Gautham and Fletcher, Daniel A. and Smith, Martyn T. and Mathies, Richard A.},    
    doi = {10.1002/ange.201006089},
    url = {10.1002/ange.201006089},
    year = {2011},
    month = {01},

    urldate = {2019-6-16},
    volume = {123},
    journal = {Angew. Chem.},
    issue = {2},
    pages = {410-415},
}

@article{article:hirose,
    title = {UNIFORM AND HIGH THROUGHPUT AGAROSE GEL MICRO DROPLET GENERATION DEVI CE F OR SINGLE CELL ANALYSIS},
    author = {Hirose, T and Hoshino, Y and Yoon, D H and Nakahara, A and Mori, T and Sekiguchi, T and Takeyama, H and Shoji, S},
    url = {https://www.rsc.org/images/loc/2012/pdf/M.3.75.pdf},
    year = {2012},
    month = {10},

    urldate = {2019-6-16},
    language = {English},
}

@article{article:haakan,
    title = {ChemInform Abstract: Droplet Microfluidics - A Tool for Single-Cell Analysis},
    author = {Joensson, Haakan N. and Andersson Svahn, Helene},    
    doi = {10.1002/chin.201321261},
    url = {10.1002/chin.201321261},
    year = {2013},
    month = {01},

    urldate = {2019-6-17},
    volume = {44},
    journal = {ChemInform},
    issue = {21},
    pages = {no-no},
}
